
@MISC{Hladky_anevaluation,
    author = {Stephen Hladky and Vadim Bulitko},
    title = {An Evaluation of Models for Predicting Opponent Positions in First-Person Shooter Video Games},
    year = {2008}
}

@conference {weber2011aiide,
    title = {A Particle Model for State Estimation in Real-Time Strategy Games},
	booktitle = {Proceedings of AIIDE},
	year = {2011},
	pages = {103{\textendash}108},
	publisher = {AAAI Press},
	organization = {AAAI Press},
	address = {Stanford, Palo Alto, California},
	keywords = {EIS},
	attachments = {http://games.soe.ucsc.edu/sites/default/files/weber-aiide2011.pdf},
	author = {Ben G. Weber and Mateas, Michael and Jhala, Arnav}
}

@inproceedings{Laird:2001:KYG:375735.376343,
 author = {Laird, John E.},
 title = {It knows what you're going to do: adding anticipation to a Quakebot},
 booktitle = {Proceedings of the fifth international conference on Autonomous agents},
 series = {AGENTS '01},
 year = {2001},
 isbn = {1-58113-326-X},
 location = {Montreal, Quebec, Canada},
 pages = {385--392},
 numpages = {8},
 url = {http://doi.acm.org/10.1145/375735.376343},
 doi = {10.1145/375735.376343},
 acmid = {376343},
 publisher = {ACM},
 address = {New York, NY, USA},
 keywords = {anticipation, computer games, quake, soar}
} 

@ARTICLE{Bennewitz05learningmotion,
    author = {Maren Bennewitz and Wolfram Burgard and Grzegorz Cielniak and Sebastian Thrun},
    title = {Learning motion patterns of people for compliant robot motion},
    journal = {Internationl Journal of Robotics Research},
    year = {2005},
    volume = {24},
    pages = {31--48}
}

@INPROCEEDINGS{6374144, 
author={Tastan, B. and Yuan Chang and Sukthankar, G.}, 
booktitle={Computational Intelligence and Games (CIG), 2012 IEEE Conference on}, title={Learning to intercept opponents in first person shooter games}, 
year={2012}, 
pages={100-107}, 
keywords={computer games;learning (artificial intelligence);path planning;software agents;adversarial motion planning;couples planning;first person shooter games;game bots;inverse reinforcement learning;motion models;opponent interception;partially-occluded Unreal Tournament map;player-specific motion model;prediction methods;Entropy;Games;Learning;Mathematical model;Tracking;Trajectory;Vectors}, 
doi={10.1109/CIG.2012.6374144}}

@inproceedings{Ziebart_2008_6055,
   author = "Brian D. Ziebart and Andrew Maas and J. Andrew (Drew) Bagnell and Anind Dey",
   title = "Maximum Entropy Inverse Reinforcement Learning",
   booktitle = "Proceeding of AAAI 2008",
   month = "July",
   year = "2008"
} 
