

@INPROCEEDINGS{6374144, 
author={Tastan, B. and Yuan Chang and Sukthankar, G.}, 
booktitle={Computational Intelligence and Games (CIG), 2012 IEEE Conference on}, title={Learning to intercept opponents in first person shooter games}, 
year={2012}, 
pages={100-107}, 
keywords={computer games;learning (artificial intelligence);path planning;software agents;adversarial motion planning;couples planning;first person shooter games;game bots;inverse reinforcement learning;motion models;opponent interception;partially-occluded Unreal Tournament map;player-specific motion model;prediction methods;Entropy;Games;Learning;Mathematical model;Tracking;Trajectory;Vectors}, 
doi={10.1109/CIG.2012.6374144}}
